@article{Ravi2005ActivityData,
    title = {{Activity Recognition from Accelerometer Data}},
    year = {2005},
    journal = {Proceedings of the national {\ldots}},
    author = {Ravi, Nishkam and Dandekar, Nikhil and Mysore, Preetham and Littman, Ml Michael L},
    isbn = {157735236x},
    doi = {10.1007/978-3-642-02481-8{\_}120},
    issn = {03029743},
    keywords = {decision trees}
}

@article{Cooke2004Biotelemetry:Ecology,
    title = {{Biotelemetry: a mechanistic approach to ecology}},
    year = {2004},
    journal = {Trends in ecology {\&} evolution},
    author = {Cooke, SJ and Hinch, SG and Wikelski, M},
    number = {6},
    pages = {334--43},
    volume = {19},
    url = {http://www.sciencedirect.com/science/article/pii/S0169534704001120}
}

@inproceedings{Trost2005ConductingResearch,
    title = {{Conducting accelerometer-based activity assessments in field-based research}},
    year = {2005},
    booktitle = {Medicine and Science in Sports and Exercise},
    author = {Trost, Stewart G. and Mciver, Kerry L. and Pate, Russell R.},
    isbn = {0195-9131 (Print){\textbackslash}r0195-9131 (Linking)},
    doi = {10.1249/01.mss.0000185657.86065.98},
    issn = {01959131},
    pmid = {16294116},
    arxivId = {arXiv:1011.1669v3},
    keywords = {Assessment, Exercise, Objective monitoring, Physical activity, Reliability, Validity}
}